@article{zhao-2020,
	author = {Zhao, Yu-Lin and Jiali, Tang and Huang, Han‐Pang and Wang, Ze and Chen, Tse-Lun and Chiang, Chih-Wei and Chiang, Pen‐Chi},
	journal = {Aerosol and Air Quality Research},
	month = {1},
	number = {12},
	pages = {2874--2888},
	publisher = {Taiwan Association for Aerosol Research},
	title = {{Development of IoT technologies for air pollution prevention and improvement}},
	volume = {20},
	year = {2020},
	doi = {10.4209/aaqr.2020.05.0255},
	url = {https://doi.org/10.4209/aaqr.2020.05.0255},
},
@article{vennila-2021,
	author = {Vennila, C. and Chandraprabha, K. and Vijayaraj, M. and Kavitha, S. and Vimalnath, S. and Kalaichelvi, K.},
	journal = {Journal of physics},
	month = {9},
	number = {1},
	pages = {012017},
	publisher = {IOP Publishing},
	title = {{Traffic controlling and monitoring using IoT}},
	volume = {2027},
	year = {2021},
	doi = {10.1088/1742-6596/2027/1/012017},
	url = {https://doi.org/10.1088/1742-6596/2027/1/012017},
},